@article{fake2025,
  author  = {Doe, John},
  title   = {A Placeholder Article},
  journal = {Journal of Fictitious Results},
  year    = {2025},
  volume  = {42},
  number  = {1},
  pages   = {1--10}
}

@book{minsky1969perceptrons,
  author    = {Marvin Minsky and Seymour Papert},
  title     = {Perceptrons: An Introduction to Computational Geometry},
  year      = {1969},
  publisher = {MIT Press},
  address   = {Cambridge, MA},
  edition   = {1st}
}
